@article{footnote,
    author = {author name},
    title = {title},
    year = {year},
    note = {url},
}